<record><leader>00000cas a22000007a 4500</leader><controlfield tag="001">11396942</controlfield><controlfield tag="008">841117d19481958hiuwr ne      0    0eng d</controlfield><datafield ind1=" " ind2=" " tag="010"><subfield code="a">sn 84045324 </subfield></datafield><datafield ind1=" " ind2=" " tag="040"><subfield code="a">HUH</subfield><subfield code="b">eng</subfield><subfield code="c">HUH</subfield><subfield code="d">HWN</subfield><subfield code="d">OCLCQ</subfield><subfield code="d">OCLCF</subfield><subfield code="d">OCLCO</subfield></datafield><datafield ind1="1" ind2=" " tag="029"><subfield code="a">AU@</subfield><subfield code="b">000025831719</subfield></datafield><datafield ind1=" " ind2=" " tag="042"><subfield code="a">msc</subfield></datafield><datafield ind1=" " ind2=" " tag="043"><subfield code="a">n-us-hi</subfield></datafield><datafield ind1=" " ind2=" " tag="090"><subfield code="a">AN2</subfield><subfield code="b">.L35</subfield></datafield><datafield ind1="0" ind2=" " tag="130"><subfield code="a">Lanaian (Lanai City, Hawaii : 1948)</subfield></datafield><datafield ind1="1" ind2="4" tag="245"><subfield code="a">The Lanaian.</subfield></datafield><datafield ind1=" " ind2=" " tag="260"><subfield code="a">Lanai City, Lanai [Hawaii] :</subfield><subfield code="b">Lanai Community Welfare Association,</subfield><subfield code="c">1948-1958.</subfield></datafield><datafield ind1=" " ind2=" " tag="300"><subfield code="a">10 v. :</subfield><subfield code="b">ill. ;</subfield><subfield code="c">40 cm.</subfield></datafield><datafield ind1=" " ind2=" " tag="310"><subfield code="a">Weekly</subfield></datafield><datafield ind1="0" ind2=" " tag="362"><subfield code="a">Vol. 1, no. 1 (Oct. 1, 1948)-v. 10, no. 27 (Nov. 28, 1958).</subfield></datafield><datafield ind1=" " ind2=" " tag="500"><subfield code="a">Title from masthead of v. 1, no. 5 (Nov. 19, 1948).</subfield></datafield><datafield ind1=" " ind2=" " tag="500"><subfield code="a">The first four issues, Oct. 1-Nov. 12, 1948, lack title.</subfield></datafield><datafield ind1=" " ind2="0" tag="651"><subfield code="a">Lanai (Hawaii)</subfield><subfield code="v">Periodicals.</subfield></datafield><datafield ind1=" " ind2="7" tag="655"><subfield code="a">Periodicals.</subfield><subfield code="2">fast</subfield><subfield code="0">(OCoLC)fst01411641</subfield></datafield><datafield ind1=" " ind2="7" tag="651"><subfield code="a">Hawaii</subfield><subfield code="z">Lanai.</subfield><subfield code="2">fast</subfield><subfield code="0">(OCoLC)fst01245802</subfield></datafield><datafield ind1="2" ind2=" " tag="710"><subfield code="a">Lanai Community Welfare Association.</subfield></datafield><datafield ind1=" " ind2=" " tag="752"><subfield code="a">United States</subfield><subfield code="b">Hawaii</subfield><subfield code="c">Maui</subfield><subfield code="d">Lanai City.</subfield></datafield></record>